@online{c3,
author = {Aylin Caliskan},
title = {De-anonymizing Programmers},
subtitle = {Large Scale Authorship Attribution from Executable Binaries of Compiled Code and Source Code},
date = {2015-12-29},
url = {https://media.ccc.de/v/32c3-7491-de-anonymizing_programmers},
urldate = {2018-05-10},
note = {Timecode 09:40},
organization = {Chaos Communication Congress},
}